% This file was created with JabRef 2.7.2.
% Encoding: Cp1252

@article{Chen2007Adaptivity,
 author = {Chen, Jenova},
 title = {{Flow in Games (and Everything Else)}},
 journal = {{ACM Communication}},
 volume = {50},
 number = {4},
 month = apr,
 year = {2007},
 pages = {31--34},
 numpages = {4},
 publisher = {ACM},
} 
